@book{Hecht_2017,
	title     = "Optics",
  author    = "Hecht, Eugene",
  year      = "2017",
  publisher = "Pearson Education",
	edition	 = "5",
	ISBN 	=  "1-292-09693-4",
  pages     = "54-57"
}

@book{Pedrotti_2013,
  title          = {Introduction to Optics},
  author         = {Pedrotti, Frank L. and Pedrotti, Leno S.},
  publisher      = {Pearson Education},
  year           = {2013},
  pages          = {63-64},
  isbn={9780131499331},
}

@book{Sears_&_Zemansky_2013,
  title = {Sears and Zemansky's University Physics with Modern Physics},
  author = {Young, Hugh D. and Freedman, Roger A. and Ford, A. Lewis},
  publisher = {Pearson Education},
  year = {2011},
  edition = {13},
  isbn = {9780321696861},
  pages = {1069-1072}
}

@book{Giancoli_2020,
  title = {Physics for Scientists and Engineers with Modern Physics},
  author = {Giancoli, Douglas C.},
  publisher = {Pearson Education},
  year = {2020},
  edition = {5},
  isbn = {9780321992277},
  pages = {909-912}
}