@book{Giancoli_2014,
	title = "Physics for Scientists and Engineers with Modern Physics",
	author = "Giancoli, Douglas C.",
	year = "2014",
	publisher = "Pearson",
	isbn = "9781292020761",
	edition = "4th",
	pages = "1001--1011"
}

@book{Hecht_2017,
	title = "Optics, Global Edition",
	author = "Hecht, Eugene",
	publisher = "Pearson",
	isbn = "9781292096933",
	year = "2017",
	edition = "5th",
	pages = "424--428"
}

@book{Pedrotti_2006,
	title = "Introduction to Optics",
	author = "Pedrotti, Frank L. and Pedrotti, Leno S. and Pedrotti, Leno M.",
	publisher = "Addison-Wesley",
	isbn = "9780131499331",
	year = "2006",
	edition = "3rd",
	pages = "169--173"
}

@article{Mathar_2007,
doi = {10.1088/1464-4258/9/5/008},
year = {2007},
publisher = {IOP Publishing Ltd},
volume = {9},
number = {5},
pages = {470--476},
author = {Mathar, Richard J},
title = {Refractive index of humid air in the infrared: model fits},
journal = {Journal of Optics A: Pure and Applied Optics}
}


@article{hmi,
author = {Scherrer, Philip and Schou, J. and Bush, R. and Kosovichev, A. and Richard, Bogart and Hoeksema, J.T. and Liu, Yan and Jr, T. and Zhao, J. and Title, A. and Schrijver, C. and Tarbell, Ted and Tomczyk, S.},
year = {2011},
month = {10},
pages = {},
title = {The Helioseismic and Magnetic Imager (HMI) Investigation for the Solar Dynamics Observatory (SDO)},
volume = {275},
isbn = {978-1-4614-3672-0},
journal = {Solar Physics},
doi = {10.1007/s11207-011-9834-2}
}