@book{Petrucci_2017,
	title =     "General Chemistry: Principles and Modern Applications",
	author = "Petrucci, Ralph H. and Herring, F. Geoffrey and Madura, Jeffry D. and Bissonnette, Carey",
	publisher = "Pearson Canada Inc",
	isbn =      "9780132931281",
	year =      "2017",
	edition =   "11",
	pages = 	  "1140--1142"
}
