@book{Hecht_2017,
	title = {Optics, Global Edition},
	author = {Hecht, Eugene},
	publisher = {Pearson},
	isbn = {9781292096933},
	year = {2017},
	edition = {5},
	pages = {121--133}
}

@book{Pedrotti_2006,
	title = {Introduction to Optics},
	author = {Pedrotti, Frank L. and Pedrotti, Leno S. and Pedrotti, Leno M.},
	publisher = {Addison-Wesley},
	isbn = {9780131499331},
	year = {2006},
	edition = {3},
	pages = {491--496}
}
@article{dePooter_2002,
	author = {de Pooter, Jacco A. and Cornelissen, Hugo J. and Braat, Joseph J. M.},
	journal = {Appl. Opt.},
	keywords = {Diffraction; Micro-optical devices; Micro-optics; Diffraction theory; Fresnel diffraction; Fresnel reflection; Liquid crystal displays; Refractive index; Viewing angles},
	number = {25},
	pages = {5230--5237},
	publisher = {Optica Publishing Group},
	title = {Fresnel diffraction effects in the frontlight for a liquid-crystal display},
	volume = {41},
	year = {2002},
	url = {https://opg.optica.org/ao/abstract.cfm?URI=ao-41-25-5230},
	doi = {10.1364/AO.41.005230}
}