@book{Hecht_2017,
	title     = "Optics",
  author    = "Hecht, Eugene",
  year      = "2017",
  publisher = "Pearson Education",
	edition	 = "5",
	ISBN 	=  "1-292-09693-4"
}

@book{Marcus_1998,
  title = "The Measurement of Color",
  booktitle     = "Color for Science, Art and Technology",
  author    = "Marcus, Robert T.",
  year      = "1998",
  publisher = "North-Holland",
  series	 = "AZimuth",
  volume	 = "1",
  ISBN 	=  "978-0-444-82825-6",
  doi = {https://doi.org/10.1016/S1387-6783(98)80005-6},
  pages     = "31-96"
}

title = {chapter 2 - The Measurement of Color},
editor = {Kurt Nassau},
series = {AZimuth},
publisher = {North-Holland},
volume = {1},
pages = {31-96},
year = {1998},
booktitle = {Color for Science, Art and Technology},
issn = {1387-6783},
doi = {https://doi.org/10.1016/S1387-6783(98)80005-6},
author = {Robert T. Marcus}