@book{Hecht_2017,
	title = {Optics, Global Edition},
	author = {Hecht, Eugene},
	publisher = {Pearson},
	isbn = {9781292096933},
	year = {2017},
	edition = {5},
	pages = {121--133}
}

@book{Pedrotti_2006,
	title = {Introduction to Optics},
	author = {Pedrotti, Frank L. and Pedrotti, Leno S. and Pedrotti, Leno M.},
	publisher = {Addison-Wesley},
	isbn = {9780131499331},
	year = {2006},
	edition = {3},
	pages = {491--496}
}
