@book{Hecht_2017,
	title     = "Optics",
  author    = "Hecht, Eugene",
  year      = "2017",
  publisher = "Pearson Education",
	edition	 = "5",
	ISBN 	=  "1-292-09693-4",
  pages     = "108-110"
}

@book{Marcus_1998,
  title = "The Measurement of Color",
  booktitle     = "Color for Science, Art and Technology",
  author    = "Marcus, Robert T.",
  year      = "1998",
  publisher = "North-Holland",
  series	 = "AZimuth",
  volume	 = "1",
  ISBN 	=  "978-0-444-82825-6",
  doi = {https://doi.org/10.1016/S1387-6783(98)80005-6},
  pages     = "31-96"
}

@book{Pedrotti_2013,
  title          = {Introduction to Optics},
  author         = {Pedrotti, Frank L. and Pedrotti, Leno S.},
  publisher      = {Pearson Education},
  year           = {2013},
  pages          = {63-64},
  isbn={9780131499331},
}