@book{Giancoli_2014,
	title = "Physics for Scientists and Engineers with Modern Physics",
	author = "Giancoli, Douglas C.",
	year = "2014",
	publisher = "Pearson",
	isbn = "9781292020761",
	edition = "4th",
	pages = "1001--1011"
}

@book{Hecht_2017,
	title = "Optics, Global Edition",
	author = "Hecht, Eugene",
	publisher = "Pearson",
	isbn = "9781292096933",
	year = "2017",
	edition = "5th",
	pages = "165--170"
}

@book{Pedrotti_2006,
	title = "Introduction to Optics",
	author = "Pedrotti, Frank L. and Pedrotti, Leno S. and Pedrotti, Leno M.",
	publisher = "Addison-Wesley",
	isbn = "9780131499331",
	year = "2006",
	edition = "3rd",
	pages = "35--39"
}

@misc{Parker,
  author       = {Warby Parker},
  howpublished = {},
  title        = {How Many People Wear Glasses?},
  year         = {2023},
  url          = {https://www.warbyparker.com/learn/how-many-people-wear-glasses},
}